%%
%% Arquivo de referências bibliográficas.
%%

@book{fowler:book02,
	title = {{Patterns of Enterprise Application Architecture}},
	author = {Fowler, Martin},
	edition = {1},
	isbn = {9780321127426},
	publisher = {Addison-Wesley},
	year = {2002}
}

@incollection{souza-celebratingfalbo20,
	title = {{The FrameWeb Approach to Web Engineering: Past, Present and Future}},
	author = {Souza, V{\'{i}}tor E. S.},
	booktitle = {Engineering Ontologies and Ontologies for Engineering},
	chapter = {8},
	edition = {1},
	editor = {Almeida, Jo{\~{a}}o Paulo A. and Guizzardi, Giancarlo},
	isbn = {9781393963035},
	pages = {100--124},
	publisher = {NEMO},
	url = {http://purl.org/nemo/celebratingfalbo},
	address = {Vit{\'{o}}ria, ES, Brazil},
	year = {2020}
}

@phdthesis{phdthesis,
        author = {Silva Souza, Vítor},
        year = {2007},
        month = {01},
        pages = {},
        school = {Universidade Federal do Espirito Santo},
        title = {FrameWeb: um Método baseado em Frameworks para o Projeto de Sistemas de Informação Web}
}

@online{mdn_spa,
  title        = {SPA (Single-page application)},
  author       = {{MDN Contributors}},
  year         = {2025},
  url          = {https://developer.mozilla.org/en-US/docs/Glossary/SPA},
  note         = {Acessado em 27 de maio de 2025},
  organization = {MDN Web Docs}
}

@online{google_microservices,
  title        = {What Is Microservices Architecture?},
  author       = {{Google Cloud}},
  year         = {2025},
  url          = {https://cloud.google.com/learn/what-is-microservices-architecture},
  note         = {Acessado em 27 de maio de 2025},
  organization = {Google Cloud}
}